<record><leader>00000cas a22000007a 4500</leader><controlfield tag="001">14249969</controlfield><controlfield tag="008">860922c18929999txuwr ne      0    0eng d</controlfield><datafield ind1=" " ind2=" " tag="010"><subfield code="a">sn 86089181 </subfield></datafield><datafield ind1=" " ind2=" " tag="040"><subfield code="a">PPM</subfield><subfield code="b">eng</subfield><subfield code="c">PPM</subfield><subfield code="d">OCLCQ</subfield></datafield><datafield ind1=" " ind2=" " tag="042"><subfield code="a">msc</subfield></datafield><datafield ind1="0" ind2="0" tag="245"><subfield code="a">Groesbeck journal.</subfield></datafield><datafield ind1=" " ind2=" " tag="260"><subfield code="a">Groesbeck, Tex. :</subfield><subfield code="b">W.C. Morris</subfield></datafield><datafield ind1=" " ind2=" " tag="300"><subfield code="a">v. :</subfield><subfield code="b">ill.</subfield></datafield><datafield ind1=" " ind2=" " tag="310"><subfield code="a">Weekly</subfield></datafield><datafield ind1="1" ind2=" " tag="362"><subfield code="a">Began in 1892?</subfield></datafield><datafield ind1=" " ind2=" " tag="588"><subfield code="a">Description based on: Vol. 4, no. 44 (July 9, 1896).</subfield></datafield><datafield ind1=" " ind2=" " tag="752"><subfield code="a">United States</subfield><subfield code="b">Texas</subfield><subfield code="c">Limestone</subfield><subfield code="d">Groesbeck.</subfield></datafield><datafield ind1="0" ind2="5" tag="780"><subfield code="t">Thornton hustler</subfield><subfield code="w">(DLC)sn 86088433</subfield></datafield><datafield ind1="0" ind2="5" tag="780"><subfield code="t">Kosse cyclone</subfield></datafield></record>